% Encoding: UTF-8

@misc{zhu2022rtnn,
      title={RTNN: Accelerating Neighbor Search Using Hardware Ray Tracing}, 
      author={Yuhao Zhu},
      year={2022},
      eprint={2201.01366},
      archivePrefix={arXiv},
      primaryClass={cs.DC}
}

@Book{Castorina2023,
  author    = {Castorina, Marco},
  editor    = {Gabriel Sassone},
  publisher = {Packt Publishing},
  title     = {Mastering Graphics Programming with Vulkan},
  year      = {2023},
  address   = {Birmingham},
  edition   = {1.},
  isbn      = {978-1-80324-479-2},
  pagetotal = {1382},
  ppn_gvk   = {1877410489},
  subtitle  = {Develop a modern rendering engine from first principles to state-of-the-art techniques},
}

@Book{Ericson2004,
  author    = {Ericson, Christer},
  publisher = {Taylor \& Francis Group},
  title     = {Real-Time Collision Detection},
  year      = {2004},
  isbn      = {9781000750553},
  pages     = {632},
}

@Book{Marrs2021,
  author    = {Marrs, Adam},
  editor    = {Peter Shirley and Ingo Wald},
  publisher = {Springer Nature},
  title     = {Ray Tracing Gems II},
  year      = {2021},
  address   = {[Erscheinungsort nicht ermittelbar]},
  isbn      = {978-1-4842-7184-1},
  pagetotal = {1858},
  ppn_gvk   = {1836487223},
  subtitle  = {Next Generation Real-Time Rendering with DXR, Vulkan, and OptiX},
}

@Book{Haines2019,
  author    = {Haines, Eric},
  editor    = {Tomas Akenine-Möller},
  publisher = {Apress L. P.},
  title     = {Ray Tracing Gems},
  year      = {2019},
  address   = {Berkeley, CA},
  edition   = {1st ed.},
  isbn      = {978-1-4842-4426-5},
  note      = {Description based on publisher supplied metadata and other sources.},
  pagetotal = {1622},
  ppn_gvk   = {1870512154},
  subtitle  = {High-Quality and Real-Time Rendering with DXR and Other APIs},
}

@Online{Chajdas2018,
  author    = {Matthäus G. Chajdas},
  title     = {Introduction to compute shaders},
  year      = {2018},
  month     = jul,
  urldate = {2024-05-27},
  url       = {https://anteru.net/blog/2018/intro-to-compute-shaders/},
}

@Article{Burgess2020,
  author   = {Burgess, John},
  journal  = {IEEE Micro},
  title    = {RTX on—The NVIDIA Turing GPU},
  year     = {2020},
  number   = {2},
  pages    = {36-44},
  volume   = {40},
  doi      = {10.1109/MM.2020.2971677},
  keywords = {Graphics processing units;Ray tracing;Tensors;Multiprocessors;Random access memory;Deep learning;Instruction sets;I.3.1.a Graphics processors < I.3.1 Hardware Architecture < I.3 Computer Graphics < I Computing Methodologies;C.1.2.i TC scheduling and synchronization < C.1.2 Multiple Data Stream Architectures (Multiprocessors) < C.1 Processor Architect;C.1.4.e Multi-core/single-chip multiprocessors < C.1.4 Parallel Architectures < C.1 Processor Architectures < C Computer Systems;Deep learning;Ray tracing;GPU;Turing;Tensor Core;RTCore;SIMT},
}

@Misc{Corporation2020,
  author    = {NVIDIA Corporation},
  month     = sep,
  title     = {NVIDIA AMPERE GA102 GPUARCHITECTURE},
  year      = {2020},
  urldate = {2024-05-27},
  url       = {https://www.nvidia.com/content/PDF/nvidia-ampere-ga-102-gpu-architecture-whitepaper-v2.1.pdf},
}

@Misc{Corporation2018,
  author    = {NVIDIA Corporation},
  month     = sep,
  title     = {NVIDIA TURING GPU ARCHITECTURE},
  year      = {2018},
  urldate = {2024-05-27},
  url       = {https://images.nvidia.com/aem-dam/en-zz/Solutions/design-visualization/technologies/turing-architecture/NVIDIA-Turing-Architecture-Whitepaper.pdf},
}

@Online{Bickford,
  author       = {Neil Bickford},
  howpublished = {Blog},
  urldate    = {2024-05-27},
  url          = {https://nvpro-samples.github.io/vk_mini_path_tracer/},
}

@Comment{jabref-meta: databaseType:bibtex;}
